@article{robotTeam1,
  title={Autonomous Learning of New Environments with a Robotic Team Employing Hyper-Spectral Remote Sensing, Comprehensive In-Situ Sensing and Machine Learning},
  author={David John Lary and Dave Schaefer and John Waczak and Adam Aker and Aaron Barbosa and Lakitha O H Wijeratne and Shawhin Talebi and Bharana Fernando and John Z. Sadler and Tatiana Lary and Matthew D. Lary},
  journal={Sensors (Basel, Switzerland)},
  year={2021},
  volume={21},
}


@article{qgroundcontrol,
  title={QGroundControl},
  author={Meier, Lorenz},
  journal={MAVLink Micro Air Vehicle Communication Protocol. Available online: http://qgroundcontrol. org/mavlink/start (accessed on 30 January 2019)},
  year={2010}
}


@article{reflectance-conversion,
  title={A review of protocols for fiducial reference measurements of downwelling irradiance for the validation of satellite remote sensing data over water},
  author={Ruddick, Kevin G and Voss, Kenneth and Banks, Andrew C and Boss, Emmanuel and Castagna, Alexandre and Frouin, Robert and Hieronymi, Martin and Jamet, Cedric and Johnson, B Carol and Kuusk, Joel and others},
  journal={Remote Sensing},
  volume={11},
  number={15},
  pages={1742},
  year={2019},
  publisher={MDPI}
}




@article{SHAPvalues1,
  title={Explaining prediction models and individual predictions with feature contributions},
  author={Erik Strumbelj and Igor Kononenko},
  journal={Knowledge and Information Systems},
  year={2013},
  volume={41},
  pages={647-665},
}



@article{yu2021pm2,
  title={PM2. 5 Modeling and Historical Reconstruction over the Continental USA Utilizing GOES-16 AOD},
  author={Yu, Xiaohe and Lary, David J and Simmons, Christopher S},
  journal={Remote Sensing},
  volume={13},
  number={23},
  pages={4788},
  year={2021},
  publisher={Multidisciplinary Digital Publishing Institute},
}

@article{SpectralIndexWheat,
  title={New Spectral Index for Detecting Wheat Yellow Rust Using Sentinel-2 Multispectral Imagery},
  author={Qiong Zheng and Wenjiang Huang and Ximin Cui and Yue Shi and Linyi Liu},
  journal={Sensors (Basel, Switzerland)},
  year={2018},
  volume={18},
}

@article{SpectralIndexDesertification,
  title={Quantitative Assessment of Desertification in an Arid Oasis Using Remote Sensing Data and Spectral Index Techniques},
  author={Atman Ait Lamqadem and Hafid Saber and Biswajeet Pradhan},
  journal={Remote. Sens.},
  year={2018},
  volume={10},
  pages={1862}
}

@article{SpectralIndexNDVI,
  title={A commentary review on the use of normalized difference vegetation index (NDVI) in the era of popular remote sensing},
  author={Shan Huang and Lina Tang and Joseph P. Hupy and Yang Wang and Guofan Shao},
  journal={Journal of Forestry Research},
  year={2020},
  volume={32},
  pages={1-6}
}


@article{SpectralIndexWaterQuality,
  title={Monitoring inland water quality using remote sensing: potential and limitations of spectral indices, bio-optical simulations, machine learning, and cloud computing},
  author={Vasit Sagan and Kyle T. Peterson and Maitiniyazi Maimaitijiang and Paheding Sidike and John J. Sloan and Benjamin A. Greeling and Samar A Maalouf and Craig D. Adams},
  journal={Earth-Science Reviews},
  year={2020},
  volume={205},
  pages={103187}
}





@article{MLJ1,
  doi = {10.21105/joss.02704},
  url = {https://doi.org/10.21105/joss.02704},
  year = {2020},
  publisher = {The Open Journal},
  volume = {5},
  number = {55},
  pages = {2704},
  author = {Anthony D. Blaom and Franz Kiraly and Thibaut Lienart and Yiannis Simillides and Diego Arenas and Sebastian J. Vollmer},
  title = {{MLJ}: A Julia package for composable machine learning},
  journal = {Journal of Open Source Software},
}

@misc{MLJ2,
      title={Flexible model composition in machine learning and its implementation in {MLJ}}, 
      author={Anthony D. Blaom and Sebastian J. Vollmer},
      year={2020},
      eprint={2012.15505},
      archivePrefix={arXiv},
      primaryClass={cs.LG},
}



@article{ModelStacking,
  title={Stacked generalization},
  author={David H. Wolpert},
  journal={Neural Networks},
  year={1992},
  volume={5},
  pages={241-259}
}





@inproceedings{GeorectificationMuller,
  title={A program for direct georeferencing of airborne and spaceborne line scanner images},
  author={Rupert M{\"u}ller and Manfred Lehner and Rupert Muller and Peter Reinartz and Manfred Schroeder and B. Vollmer},
  year={2002}
}

@inproceedings{GeorectificationBaumker,
  title={New calibration and computing method for direct georeferencing of image and scanner data using the position and angular data of an hybrid inertial navigation system},
  author={B{\"a}umker, Manfred and Heimes, FJ},
  booktitle={OEEPE Workshop, Integrated Sensor Orientation},
  pages={1--17},
  year={2001}
}

@article{GeorectificationMostafa,
  title={A Multi-Sensor System for Airborne Image Capture and Georeferencing},
  author={Mohamed M. R. Mostafa and Klaus Peter Schwarz},
  journal={Photogrammetric Engineering and Remote Sensing},
  year={2000},
  volume={66},
  pages={1417-1424}
}



@misc{freeflyAltaX,
    title={Introducing alta X}, 
    url={https://freeflysystems.com/alta-x}, 
    journal={Freefly Systems}, 
    year={2021}, 
    month={May},
    note={\url{https://freeflysystems.com/alta-x}}
} 


@misc{Otter,
    title={Otter}, 
    url={https://www.maritimerobotics.com/otter}, 
    journal={Maritime Robotics},
    note={\url{https://www.maritimerobotics.com/otter}}
}

@misc{WaterSensorInfo, 
    title={Sensors}, 
    url={https://www.waterprobes.com/sensor-parameters-water-quality-monitoring},
    journal={Eureka Water Probes},
    note={\url{https://www.waterprobes.com/sensor-parameters-water-quality-monitoring}}
}